<?xml version="1.0" encoding="UTF-8" standalone="no"?><searchRetrieveResponse xmlns="http://www.loc.gov/zing/srw/">
    <version>1.2</version>
    <numberOfRecords>1</numberOfRecords>
    <records>
        <record>
            <recordSchema>marcxml</recordSchema>
            <recordPacking>xml</recordPacking>
            <recordData>
                <record xmlns="http://www.loc.gov/MARC21/slim">
                    <leader>01626cam a2200433 c 4500</leader>
                    <controlfield tag="001">999208985724702201</controlfield>
                    <controlfield tag="005">20210531145056.0</controlfield>
                    <controlfield tag="007">ta</controlfield>
                    <controlfield tag="007">cr||||||||||||</controlfield>
                    <controlfield tag="008">110414s1991    no ||||| |||||010|0|nob|^</controlfield>
                    <datafield ind1=" " ind2=" " tag="015">
                        <subfield code="a">1115131</subfield>
                        <subfield code="2">nbf</subfield>
                    </datafield>
                    <datafield ind1=" " ind2=" " tag="020">
                        <subfield code="q">h.</subfield>
                    </datafield>
                    <datafield ind1=" " ind2=" " tag="035">
                        <subfield code="a">920898572-47bibsys_network</subfield>
                    </datafield>
                    <datafield ind1=" " ind2=" " tag="035">
                        <subfield code="a">(NO-TrBIB)920898572</subfield>
                    </datafield>
                    <datafield ind1=" " ind2=" " tag="035">
                        <subfield code="a">(NO-TrBIB)093100353</subfield>
                    </datafield>
                    <datafield ind1=" " ind2=" " tag="040">
                        <subfield code="a">NO-OsNB</subfield>
                        <subfield code="b">nob</subfield>
                        <subfield code="e">katreg</subfield>
                    </datafield>
                    <datafield ind1=" " ind2=" " tag="042">
                        <subfield code="a">norbibl</subfield>
                    </datafield>
                    <datafield ind1=" " ind2=" " tag="044">
                        <subfield code="c">no</subfield>
                    </datafield>
                    <datafield ind1="7" ind2="4" tag="082">
                        <subfield code="a">266.022</subfield>
                        <subfield code="q">NO-OsNB</subfield>
                        <subfield code="2">4/nor</subfield>
                    </datafield>
                    <datafield ind1=" " ind2=" " tag="084">
                        <subfield code="a">Dd 40(Jc 28)</subfield>
                        <subfield code="2">ubtkl/2</subfield>
                    </datafield>
                    <datafield ind1=" " ind2=" " tag="084">
                        <subfield code="a">Ucf</subfield>
                        <subfield code="2">knt</subfield>
                    </datafield>
                    <datafield ind1="1" ind2=" " tag="100">
                        <subfield code="a">Singstad, Knut N.</subfield>
                        <subfield code="d">1923-1996</subfield>
                        <subfield code="0">(NO-TrBIB)90386146</subfield>
                    </datafield>
                    <datafield ind1="1" ind2="0" tag="245">
                        <subfield code="a">Lensvik indremisjon 100 år :</subfield>
                        <subfield code="b">1891-1991</subfield>
                    </datafield>
                    <datafield ind1=" " ind2=" " tag="260">
                        <subfield code="a">[Oslo]</subfield>
                        <subfield code="b">Indremisjonsselskapet</subfield>
                        <subfield code="c">[1991]</subfield>
                    </datafield>
                    <datafield ind1=" " ind2=" " tag="300">
                        <subfield code="a">44 s.</subfield>
                        <subfield code="b">ill.</subfield>
                    </datafield>
                    <datafield ind1=" " ind2=" " tag="500">
                        <subfield code="a">Forfatterens navn i forordet</subfield>
                    </datafield>
                    <datafield ind1="0" ind2=" " tag="506">
                        <subfield code="f">Åpen tilgang</subfield>
                    </datafield>
                    <datafield ind1=" " ind2=" " tag="533">
                        <subfield code="a">Elektronisk reproduksjon</subfield>
                        <subfield code="b">[Norge]</subfield>
                        <subfield code="c">Nasjonalbiblioteket Digital</subfield>
                        <subfield code="d">2009-08-29</subfield>
                    </datafield>
                    <datafield ind1="2" ind2="7" tag="610">
                        <subfield code="a">Lensvik indremisjon</subfield>
                        <subfield code="0">(NO-TrBIB)90607704</subfield>
                        <subfield code="2">bare</subfield>
                    </datafield>
                    <datafield ind1=" " ind2="7" tag="651">
                        <subfield code="a">Lensvik (Agdenes)</subfield>
                        <subfield code="2">norbok</subfield>
                    </datafield>
                    <datafield ind1=" " ind2=" " tag="653">
                        <subfield code="a">agdenes</subfield>
                        <subfield code="a">indremisjon</subfield>
                        <subfield code="a">sør-trøndelag</subfield>
                    </datafield>
                    <datafield ind1=" " ind2=" " tag="662">
                        <subfield code="a">Norge</subfield>
                        <subfield code="b">Trøndelag</subfield>
                        <subfield code="c">Orkland</subfield>
                        <subfield code="d">Lensvik</subfield>
                        <subfield code="2">norbok</subfield>
                    </datafield>
                    <datafield ind1="2" ind2=" " tag="710">
                        <subfield code="a">Lensvik indremisjon</subfield>
                        <subfield code="0">(NO-TrBIB)90607704</subfield>
                    </datafield>
                    <datafield ind1="2" ind2=" " tag="710">
                        <subfield code="a">Indremisjonsselskapet</subfield>
                        <subfield code="0">(NO-TrBIB)90149311</subfield>
                    </datafield>
                    <datafield ind1="4" ind2="0" tag="856">
                        <subfield code="3">Fulltekst</subfield>
                        <subfield code="u">http://urn.nb.no/URN:NBN:no-nb_digibok_2009072100102</subfield>
                        <subfield code="y">NB digitalisert</subfield>
                        <subfield code="z">Elektronisk reproduksjon. Gratis. For norske IP-adresser</subfield>
                    </datafield>
                    <datafield ind1="4" ind2="1" tag="856">
                        <subfield code="3">Fulltekst</subfield>
                        <subfield code="u">https://www.nb.no/search?q=oaiid:"oai:nb.bibsys.no:999208985724702202"&amp;mediatype=bøker</subfield>
                        <subfield code="y">Nettbiblioteket</subfield>
                        <subfield code="z">Søke-URL</subfield>
                    </datafield>
                    <datafield ind1="0" ind2="1" tag="852">
                        <subfield code="a">47BIBSYS_NB</subfield>
                        <subfield code="6">999208985724702202</subfield>
                        <subfield code="9">D</subfield>
                        <subfield code="9">P</subfield>
                    </datafield>
                    <datafield ind1="0" ind2="1" tag="852">
                        <subfield code="a">47BIBSYS_NTNU_UB</subfield>
                        <subfield code="6">999208985724702203</subfield>
                        <subfield code="9">P</subfield>
                    </datafield>
                    <datafield ind1=" " ind2=" " tag="901">
                        <subfield code="a">90</subfield>
                    </datafield>
                    <datafield ind1=" " ind2=" " tag="913">
                        <subfield code="a">Norbok</subfield>
                        <subfield code="b">NB</subfield>
                    </datafield>
                    <datafield ind1=" " ind2=" " tag="913">
                        <subfield code="a">Norsk lokalhistorisk bibliografi</subfield>
                        <subfield code="b">NB</subfield>
                    </datafield>
                </record>
            </recordData>
            <recordIdentifier>999208985724702201</recordIdentifier>
            <recordPosition>1</recordPosition>
        </record>
    </records>
    <extraResponseData xmlns:xb="http://www.exlibris.com/repository/search/xmlbeans/">
        <xb:exact>true</xb:exact>
        <xb:responseDate>2021-10-25T15:45:33+0200</xb:responseDate>
    </extraResponseData>
</searchRetrieveResponse>